<record><leader>00000cas a22000007a 4500</leader><controlfield tag="001">14472788</controlfield><controlfield tag="008">861022d191319uutxuwr ne      0    0eng d</controlfield><datafield ind1=" " ind2=" " tag="010"><subfield code="a">sn 86089765 </subfield></datafield><datafield ind1=" " ind2=" " tag="040"><subfield code="a">PPM</subfield><subfield code="b">eng</subfield><subfield code="c">PPM</subfield><subfield code="d">OCLCQ</subfield></datafield><datafield ind1=" " ind2=" " tag="042"><subfield code="a">msc</subfield></datafield><datafield ind1="0" ind2=" " tag="130"><subfield code="a">Moran news (Moran, Tex. : 1913)</subfield></datafield><datafield ind1="1" ind2="4" tag="245"><subfield code="a">The Moran news.</subfield></datafield><datafield ind1=" " ind2=" " tag="260"><subfield code="a">Moran, Tex. :</subfield><subfield code="b">John H. McGaughey</subfield></datafield><datafield ind1=" " ind2=" " tag="300"><subfield code="a">v. :</subfield><subfield code="b">ill. ;</subfield><subfield code="c">56 cm.</subfield></datafield><datafield ind1=" " ind2=" " tag="310"><subfield code="a">Weekly</subfield></datafield><datafield ind1="1" ind2=" " tag="362"><subfield code="a">Began in 1913?</subfield></datafield><datafield ind1=" " ind2=" " tag="588"><subfield code="a">Description based on: Vol. 22, no. 13 (Nov. 21, 1935).</subfield></datafield><datafield ind1=" " ind2=" " tag="752"><subfield code="a">United States</subfield><subfield code="b">Texas</subfield><subfield code="c">Shackelford</subfield><subfield code="d">Moran.</subfield></datafield><datafield ind1="0" ind2="4" tag="785"><subfield code="t">Shackelford County leader</subfield><subfield code="w">(DLC)sn 86089429</subfield></datafield></record>